2522 4077
497 209 811 271 extin&i‚cum
826 230 876 259 ex
887 229 928 258 re
938 207 1024 276 ipsa
1035 226 1132 259 tum
1143 229 1192 259 ex
1204 208 1331 277 ipsius
1342 211 1546 257 Veritatis
1559 207 1816 256 testimonio
1829 226 2017 275 apparet,
2035 230 2126 277 quae
2139 214 2198 259 ait
2231 218 2259 260 L
2277 233 2303 261 v
2321 232 2344 259 c
2360 234 2379 260 E
2396 234 2427 261 M

502 304 513 331 1
540 304 568 331 N
615 303 640 329 τ
663 303 684 329 E
709 302 737 329 N
761 303 781 328 E
808 302 830 329 B
854 300 881 328 R
894 301 909 328 1
934 300 951 328 s
995 301 1018 328 J.
1041 302 1069 329 v
1091 300 1114 327 c
1138 301 1158 327 E
1180 298 1208 326 R
1229 300 1264 327 E.
1291 280 1445 344 quibus
1464 280 1604 327 verbis
1623 277 1908 342 intelligimus
1921 316 1932 336 ‚
1946 285 2110 336 Deum,
2124 284 2169 327 in
2183 286 2428 349 corruptio-

500 374 553 401 ne
567 356 728 417 generis
742 351 952 407 humani,
967 354 1114 416 prima:
1127 349 1239 396 illius
1251 352 1441 399 veritatis
1462 346 1668 396 scintillas
1691 352 1737 395 in
1758 346 1953 396 hominis
1971 353 2126 397 animo
2151 347 2428 408 conseruasse,

499 442 590 488 quae
602 426 649 468 in
662 421 816 468 mediis
828 423 1028 469 caecitatis
1049 429 1088 468 &
1102 417 1526 466 dementiaetenebris
1538 418 1739 465 lucerent.
1778 412 1942 465 Verum
1959 430 1997 468 &
2016 415 2215 486 quae'nam
2237 420 2318 467 illae
2330 419 2429 478 lint,

496 503 537 541 &
552 507 759 556 quatenus
774 495 819 537 in
832 490 1013 538 ethnicis
1026 488 1281 536 hominibus
1296 487 1485 536 efficaces
1498 490 1717 536 extiterint
1729 523 1740 543 ,
1753 484 1933 552 ecquam
1948 489 2132 554 denique
2145 508 2193 536 ex
2210 489 2294 536 illis
2306 490 2428 537 Vtili—

496 576 629 608 tatem
653 580 752 617 nos,
766 560 943 607 meliore
956 569 994 608 &
1007 555 1198 605 feliciore
1211 561 1469 623 cognitione
1489 557 1712 615 illustrati,
1725 559 1933 622 percipere
1956 557 2163 624 poffimus
2176 594 2187 615 ,
2200 577 2331 624 porro
2356 563 2423 607 vi·

493 630 687 677 dendum
699 630 771 677 est.

558 703 684 747 Lucis
695 700 808 746 illius
822 698 884 745 hae
899 694 996 744 sunt
1006 692 1201 745 scintillae
1214 732 1226 752 ,
1240 700 1388 743 Deum
1401 693 1477 743 esse
1490 733 1502 752 ,
1515 692 1811 763 omniumque
1832 713 1969 744 rerum
1984 697 2190 760 opificem
2213 707 2253 746 δι
2265 697 2422 745 mode-

489 784 689 823 ratorem,
701 771 1057 832 omnipotentem
1070 804 1083 822 ,
1096 764 1268 813 infinite
1285 766 1472 822 bonum,
1483 762 1706 822 scientem,
1716 765 2423 831 veracem‚prouidenteni,imnu1-

488 838 668 885 tabilem
683 841 920 885 :Virtutem
933 835 1170 884 amandam
1182 874 1192 890 ,
1203 839 1360 882 vitium
1372 832 1630 901 fugiendum
1647 855 1719 883 :ex
1741 836 1812 883 illa
1827 834 2103 893 ,felicitatem
2118 873 2128 890 ‚
2147 855 2196 882 ex
2208 835 2292 884 hoe
2313 834 2423 883 infe-

489 907 699 954 licitatem
723 906 895 953 existere
913 927 923 952 z
955 911 1023 952 Ius
1043 903 1164 952 suum
1178 908 1331 970 cuique
1352 903 1634 952 tribuendum
1648 941 1660 961 ‚
1676 909 1899 953 neminem
1923 904 2169 952 laedendum
2185 941 2196 960 ,
2210 924 2345 971 neque
2356 907 2421 952 al—

492 981 567 1023 teri
580 975 828 1023 faciendum
845 973 964 1041 quod
978 976 1060 1021 tibi
1074 974 1163 1021 fieri
1178 975 1293 1021 nolis
1309 995 1319 1020 :
1342 977 1497 1021 omnia
1510 973 1663 1021 ordine
1675 985 1713 1023 &
1726 974 1921 1023 decenter
1944 979 1989 1020 in
2003 993 2043 1021 re
2061 972 2268 1021 familiari
2289 985 2329 1028 &
2340 994 2420 1039 pu-

490 1046 602 1092 blica
615 1043 691 1092 effe
704 1044 885 1110 agenda:
930 1043 1114 1110 denique
1128 1080 1140 1100 ‚
1153 1061 1307 1090 omnes
1318 1043 1400 1089 illae
1412 1041 1514 1097 mma.)
1527 1042 1639 1099 ε”ννοιοᾳ
1651 1063 1742 1110 quae
1755 1043 1805 1092 de
1820 1050 1918 1092 Deo
1931 1055 1969 1093 &
1982 1043 2032 1091 dc
2046 1047 2202 1091 virtute
2215 1040 2361 1091 insunt
2373 1048 2420 1091 jn

490 1114 685 1161 hominis
699 1117 868 1162 animo:
886 1118 958 1180 qui
971 1128 1016 1160 vt
1028 1113 1085 1160 est
1099 1112 1263 1159 animal
1275 1111 1450 1163 κοινωνινὲν
1463 1123 1502 1161 &
1518 1110 1830 1170 dsszoqffifigchwjv
1843 1151 1855 1170 ‚
1878 1117 1936 1161 ita
1952 1114 2089 1161 ciuilis
2103 1110 2322 1161 cuiusdam
2336 1112 2420 1160 ho·-

488 1184 661 1232 nestatis
673 1180 926 1232 vniuersales
942 1180 1242 1247 impreffiones
1253 1182 1380 1229 habet
1393 1219 1405 1239 ,
1418 1193 1457 1231 &
1471 1182 1652 1229 naturali
1668 1182 1862 1248 quodam
1876 1183 2082 1231 instinctu
2096 1182 2150 1230 ad
2175 1178 2418 1230 fouendam

489 1250 916 1319 conseruandamque
929 1250 1179 1300 societatem
1194 1251 1393 1299 inclinat.
1419 1255 1533 1299 Hinc
1546 1251 1594 1299 fit
1606 1268 1653 1300 vt
1666 1271 1798 1299 nemo
1811 1256 2040 1318 reperiatur
2062 1256 2135 1318 qui
2149 1272 2242 1299 non
2256 1252 2418 1299 intelli-
2470 1256 2474 1265 '

485 1339 558 1388 gat
573 1327 719 1370 Deum
734 1321 825 1380 esse,
839 1319 1024 1387 eumque
1037 1320 1273 1369 colendum
1288 1357 1299 1377 ,
1315 1331 1354 1370 &
1369 1337 1506 1368 certos
1528 1322 1749 1387 religionis
1764 1326 1865 1370 ritus
1889 1321 1964 1369 fibi
1978 1338 2211 1388 proponat:
2225 1329 2299 1387 qui
2322 1341 2417 1369 non

484 1394 709 1450 statuat‚ex
723 1396 880 1439 virtute
892 1391 968 1439 effe
980 1390 1236 1445 vfflendum,
1249 1394 1409 1438 vitium
1420 1389 1677 1456 fugiendum
1693 1428 1704 1447 ‚
1720 1403 1758 1440 &
1772 1389 1943 1457 quosuis
1957 1392 2192 1438 bominum
2207 1406 2343 1439 coetus
2356 1392 2419 1438 le-

484 1464 609 1528 gibus
622 1461 917 1510 continendos
931 1499 942 1518 ‚
958 1459 1116 1526 quique
1132 1479 1224 1507 non
1237 1479 1380 1507 earum
1398 1460 1542 1525 legum
1558 1463 1766 1526 principia
1778 1476 1926 1507 mente
1939 1461 2267 1525 complectatur.
2295 1465 2413 1509 Hinc

484 1532 555 1579 ille
568 1547 789 1597 perpetuus
813 1547 903 1578 tam
927 1534 1124 1596 gentium
1147 1533 1353 1577 omnium
1381 1529 1511 1595 quam
1540 1529 1805 1595 lingulorum
1831 1531 2086 1578 mortalium
2108 1534 2155 1577 in
2176 1530 2285 1596 leges
2304 1549 2418 1579 con-

484 1598 648 1648 sensus:
676 1605 773 1665 quia
788 1597 1023 1647 iniitafimt
1037 1603 1080 1645 in
1095 1600 1303 1645 omnibus
1322 1598 1578 1646 hominibus
1599 1598 1753 1665 absque
1771 1615 2027 1666 praeceptore
2040 1600 2359 1665 autlegissatore
2379 1604 2417 1647 i-

486 1667 653 1736 psarum
667 1667 843 1717 semina.
906 1675 1018 1716 Inter
1040 1669 1112 1715 illa
1126 1687 1299 1734 quoque
1322 1669 1439 1715 bona
1457 1667 1575 1715 dona
1598 1687 1781 1738 numero
1803 1673 2065 1716 Orationem
2085 1669 2351 1718 luculentam
2374 1681 2416 1719 &

486 1739 743 1804 prudentem
760 1761 769 1785 ;
786 1737 914 1795 idest,
937 1741 1151 1785 rationem
1165 1737 1780 1803 beneloquendi‚dislerendi‚
1808 1737 1995 1786 dicendi.
2021 1739 2091 1786 illa
2104 1742 2223 1786 enim
2245 1743 2416 1787 oratio-

488 1813 553 1855 nis
565 1807 758 1865 facultas.
770 1808 829 1855 est
844 1823 1029 1873 cognata
1043 1804 1264 1872 affini'ique
1278 1811 1438 1854 rationi
1454 1828 1462 1853 :
1485 1823 1529 1854 vt
1543 1811 1617 1854 vni
1631 1808 1806 1856 homini
1828 1813 2052 1874 proprium
2077 1806 2125 1855 fit
2140 1819 2178 1857 &
2190 1809 2414 1873 peculiare,

484 1882 652 1926 ratione
665 1889 704 1926 &
717 1881 917 1942 oratione
930 1881 1005 1924 vti.
1041 1881 1246 1942 Sagacem
1261 1896 1432 1942 quoque
1444 1897 1492 1924 ac
1504 1882 1664 1924 rec-”tam
1678 1881 1853 1926 Naturae
1867 1878 2294 1943 contemplationem
2319 1898 2414 1926 non

483 1967 532 1995 ex
549 1948 637 1994 alio
650 1946 774 1994 fonte
788 1965 963 1994 manare
976 1950 1047 1993 aio
1059 1984 1070 2003 ‚
1090 1965 1180 2011 quae
1197 1949 1404 2011 primariae
1418 1946 1529 1994 illius
1542 1946 1594 1994 de
1609 1952 1709 1995 Deo
1733 1945 1949 2014 sapientia·
1970 1945 2136 1994 famula
2157 1947 2215 1996 est
2229 1958 2267 1996 &
2281 1952 2415 1996 mini-

484 2018 565 2064 stra
580 2039 590 2064 t
605 2036 683 2064 nec
695 2035 844 2082 parum
858 2016 1068 2063 conducit
1081 2014 1135 2062 ad
1146 2021 1242 2062 vita:
1255 2015 1455 2064 humanae
1476 2020 1611 2064 varias
1625 2014 1969 2084 multiplicesque
1983 2015 2241 2065 ncccffitates
2256 2056 2267 2075 ‚
2286 2022 2413 2085 quip-

484 2106 533 2151 pe
547 2106 638 2152 quat
653 2085 881 2134 Medicina:
894 2088 1103 2151 principia
1115 2081 1366 2150 praescrlbat.
1413 2085 1486 2132 Ad
1498 2086 1611 2134 hanc
1625 2086 1793 2136 classem
1808 2103 1961 2134 caeterae
1985 2106 2157 2153 quoque
2181 2106 2335 2135 omnes
2348 2108 2413 2136 ar·-

486 2173 544 2203 tes
561 2159 705 2221 generi
717 2156 915 2203 humano
928 2155 1050 2202 Vtiles
1071 2150 1296 2202 refercndae
1308 2152 1405 2203 sunt
1419 2178 1429 2202 ;
1441 2152 1510 2203 sed
1524 2155 1574 2203 de
1587 2156 1669 2203 illis
1683 2176 1776 2204 non
1789 2157 1948 2222 loquor
1961 2194 1971 2212 ,
1987 2176 2039 2204 ne
2051 2158 2102 2204 ab
2117 2157 2317 2204 instituto
2340 2161 2411 2205 ni-

475 2229 626 2272 mium
639 2245 871 2273 excurram.
895 2225 953 2272 est
965 2229 1084 2272 enim
1101 2224 1212 2271 mihi
1227 2219 1400 2271 tantum
1415 2225 1684 2292 propolitum
1702 2245 1807 2274 vera:
1832 2223 2114 2290 Philosophia:
2136 2242 2333 2274 naturam
2349 2246 2411 2274 re-

481 2293 724 2361 praesentare
737 2332 749 2352 ‚
763 2311 809 2342 vt
821 2314 915 2342 eam
928 2295 980 2341 ab
992 2293 1239 2341 adulterinis
1255 2299 1520 2342 commentis
1533 2332 1544 2351 ‚
1557 2307 1596 2344 &
1612 2293 1787 2343 abusum
1800 2298 1851 2343 ab
1872 2293 1945 2343 vsu
1958 2294 2080 2343 discri
2089 2300 2256 2342 minem
2282 2312 2409 2363 atque

480 2364 760 2430 distinguam.
818 2368 936 2411 Deus
950 2366 1158 2419 nimirum
1171 2363 1313 2411 voluit
1324 2361 1569 2412 conseruare
1590 2364 1839 2413 societatem
1862 2366 2217 2432 generishumani
2233 2402 2244 2421 ‚
2258 2369 2304 2412 in
2325 2386 2409 2432 qua

476 2433 650 2482 haberet
661 2431 938 2481 seminarium
954 2433 1190 2481 electorum
1213 2430 1388 2480 suorum
1411 2470 1422 2490 ‚
1437 2438 1534 2482 &in
1548 2454 1629 2501 qua
1649 2436 1732 2482 illis
1747 2451 1907 2500 aptaret
1927 2433 2165 2500 hospitium
2181 2457 2191 2482 ε
2211 2451 2408 2484 caeteram

473 2500 573 2550 vero
597 2503 830 2551 colluuiem
845 2503 1082 2550 hominum
1109 2503 1251 2551 voluit
1265 2500 1341 2550 effe
1355 2501 1442 2550 fine
1453 2504 1648 2570 legitima
1661 2504 1932 2552 excusatione
1947 2542 1959 2561 ‚
1972 2503 2092 2572 quod
2106 2502 2259 2570 ipsum,
2275 2524 2406 2572 quem

473 2573 584 2621 reete
598 2570 715 2620 nosse
729 2587 926 2638 poterant
939 2608 952 2629 ,
964 2584 1003 2621 &
1018 2571 1156 2619 colere
1182 2571 1415 2620 debuerant
1427 2610 1439 2629 ,
1453 2593 1530 2621 nec
1545 2575 1655 2623 reete
1677 2578 1882 2623 nouerint
1897 2612 1907 2630 ,
1930 2594 2006 2622 nec
2019 2575 2128 2623 recs're
2150 2575 2376 2622 coluerint.

473 2646 671 2689 Praeterea
691 2661 741 2689 ex
754 2646 986 2689 communi
999 2660 1171 2707 quoque
1182 2642 1418 2689 hominum
1434 2644 1554 2691 turba
1568 2645 1809 2692 nonnullos
1823 2642 1844 2690 ἐ
1856 2644 2003 2691 multis
2016 2648 2237 2701 excitauit,
2248 2648 2293 2691 in
2309 2649 2408 2711 qui-

471 2713 548 2758 bus
560 2711 809 2759 illustriores
822 2710 950 2759 essent
963 2711 1042 2758 illae
1054 2708 1306 2768 scintillae‚&
1322 2711 1578 2761 efficaciores
1592 2714 1771 2779 igniculi
1785 2713 1840 2760 ad
1851 2718 2054 2762 virtutem
2070 2713 2404 2762 &honestate-m:

471 2800 661 2847 quorum
684 2781 920 2828 hominum
948 2799 1076 2845 opera
1098 2791 1138 2829 &
1162 2781 1406 2829 ministerio
1432 2801 1524 2829 non
1546 2782 1687 2831 modo
1710 2780 1984 2831 scientiarum
2015 2780 2263 2850 artiumque
2285 2783 2407 2831 adiu-

470 2867 617 2898 menta
631 2847 1129 2915 proferrenturinlucem
1146 2847 1362 2906 ‚sedintra
1375 2851 1611 2899 honestatis
1634 2872 1806 2919 quoque
1831 2853 2043 2900 cancellos
2068 2853 2259 2900 humana
2278 2873 2407 2901 com·-

470 2924 662 2966 munitas
684 2920 1000 2967 contineretur:
1014 2939 1103 2986 quae
1120 2920 1286 2986 alioqui
1304 2939 1396 2967 non
1410 2920 1611 2986 potuisset
1625 2922 1819 2970 constare
1832 2961 1842 2977 ‚
1864 2922 1892 2969 fi
1907 2927 2022 2970 Deus
2044 2926 2088 2969 in
2103 2923 2310 2970 omnibus
2323 2923 2407 2970 ho-

468 2990 661 3036 minibus
671 2987 801 3037 fraena
813 2989 1003 3055 peraeque
1017 3005 1194 3054 peccato
1208 2988 1393 3037 laxasset.
1452 2991 1575 3053 Quid
1588 2995 1737 3057 igitur?
1761 2989 2004 3039 efficacesne
2015 2989 2188 3039 fuerunt
2200 2995 2246 3038 in
2260 2992 2406 3040 ethni-

468 3065 526 3105 cis
540 3058 796 3106 hominibus
809 3058 890 3105 illae
908 3056 1129 3106 scintillae?
1151 3074 1358 3125 quatenus
1370 3060 1731 3117 valuerint‚docet
1744 3061 1945 3109 diuinum
1959 3060 2286 3126 verbnm(quod
2300 3082 2406 3109 exo—

464 3132 603 3192 ptauit
621 3128 859 3194 quidem,at
873 3131 1093 3194 ignorauit
1108 3129 1230 3177 Plato
1243 3132 1257 3189 )
1270 3134 1321 3176 In
1335 3130 1517 3177 tenebris
1529 3127 1688 3178 scilicet
1701 3131 1792 3178 illas
1808 3134 2020 3197 primaeuae
2042 3134 2232 3178 veritatis
2243 3128 2408 3179 scintil-

463 3197 522 3243 las
538 3194 844 3254 e1nicuiffe,sed
857 3199 1049 3245 tenebras
1064 3194 1199 3263 ipsam
1212 3217 1306 3245 non
1318 3199 1650 3265 apprehendisse.
1678 3210 1881 3267 Qorurn
1893 3202 2125 3248 verborum
2138 3199 2227 3247 haec
2240 3201 2298 3248 est
2310 3198 2408 3248 sen-

463 3270 600 3313 tentia
616 3304 626 3323 ‚
642 3271 750 3314 Vtut
765 3271 809 3313 in
824 3266 1029 3333 degenere
1044 3268 1325 3333 corruptaque
1338 3268 1535 3316 hominis
1548 3285 1696 3318 natura
1708 3274 1841 3317 micet
1852 3269 1903 3316 ad
1911 3270 1992 3317 huc
2004 3267 2313 3336 scintillae,quae
2327 3270 2407 3318 ho-

463 3338 635 3382 minem
649 3335 670 3382 :i
682 3337 816 3383 brutis
829 3337 1127 3383 animantibus
1139 3337 1271 3402 longe⁷
1283 3335 1452 3403 late'que
1466 3336 1792 3387 discriminent:
1813 3339 1924 3386 hanc
1934 3339 2078 3390 lucem
2108 3355 2256 3387 tamen
2269 3340 2407 3387 multa

462 3407 721 3468 ignorantiae
734 3406 916 3469 caligine
930 3405 1136 3453 haetenus
1162 3403 1385 3464 suffocari,
1396 3422 1441 3454 vt
1453 3407 1680 3456 efficaciter
1707 3427 1917 3474 emergere
1940 3428 2214 3475 nequaquam
2229 3407 2369 3474 possit.

463 3472 679 3539 Qzenam
689 3472 816 3522 fuerit
829 3474 901 3521 illa
916 3472 1327 3537 οἰκςιῖᾳληψίοιροεεῖ
1339 3494 1445 3523 verae
1457 3474 1745 3544 Philosophiae
1757 3496 1940 3544 magnus
1955 3479 2129 3526 antistes
2143 3516 2155 3536 ‚
2169 3477 2301 3545 Qod
2314 3478 2399 3526 ho-

386 3546 396 3551 *
460 3546 600 3590 mines
610 3547 835 3592 veritatem
849 3542 1006 3590 iniuste
1021 3553 1060 3593 &
1074 3544 1275 3610 improbe
1288 3544 1404 3610 quali
1415 3550 1636 3613 captiuam
1648 3546 1872 3596 detineant
1888 3586 1900 3606 ,
1914 3568 2044 3615 quam
2057 3567 2106 3596 ex
2127 3548 2199 3595 illa
2218 3549 2310 3595 luce
2328 3567 2408 3596 co-

460 3615 631 3676 gnitam
646 3632 741 3662 non
757 3611 898 3663 modo
909 3615 1001 3661 vita
1014 3610 1292 3682 moribusque
1305 3634 1401 3665 non
1414 3615 1750 3684 exprimant,sed
1762 3637 1817 3665 va
1827 3616 1885 3667 rie
1899 3636 2071 3685 quoque
2083 3621 2404 3666 contaminent.
