2522 4077
474 209 536 239 res
547 189 630 239 est:
646 188 774 258 siquis
788 191 894 237 item
907 184 1162 246 affirmaret,
1175 205 1362 236 omnem
1379 186 1633 237 doetrinam
1646 186 1870 236 ethnicam
1886 185 2143 238 huiusmodi
2154 188 2232 238 esse
2244 228 2256 248 ,
2271 206 2318 239 vt
2330 210 2431 257 por-

476 263 606 309 tentis
618 272 657 309 &
672 262 880 308 chimaeris
896 255 1092 306 obscuret
1107 256 1347 324 aliquando
1363 255 1688 324 simplicitatem
1701 261 1911 316 veritatis,
1923 256 1949 306 s
1947 259 2070 307 obrie
2087 271 2125 309 &
2140 277 2428 326 congruenter

476 331 733 397 loqueretur.
765 334 826 376 At
839 331 914 396 qui
928 328 1103 375 Platoni
1119 327 1199 375 hos
1213 345 1359 375 naeuos
1383 328 1650 393 peculiariter
1661 327 1810 375 tribuit
1822 365 1834 385 ,
1856 327 1958 376 etim
1966 348 2046 394 que
2059 326 2352 392 Χνκλκῃεελζοντα
2370 335 2432 379 ita

479 401 584 466 legit
612 413 659 446 vt
674 402 720 446 in
732 398 948 465 allegoriae
978 393 1164 462 scopulis
1178 395 1331 444 volens
1342 393 1477 445 sciens
1490 401 1755 445 immoretur
1768 433 1780 453 ,
1804 407 1844 446 &
1858 392 2088 446 confilium
2104 399 2297 447 Platonis
2311 435 2324 456 ,
2345 399 2432 447 do-

481 466 659 534 ce‘dique
672 472 888 517 rationem
904 484 1036 532 quam
1050 464 1101 512 de
1115 464 1326 514 industria
1336 462 1552 532 vsurpauit
1564 504 1577 524 ,
1589 486 1683 514 non
1695 467 1905 532 explorat:
1915 466 1945 514 fi
1957 486 2047 515 rem
2062 466 2139 515 fibi
2152 472 2431 534 incognitam

482 536 984 603 damnat,i1nprudentiae
998 544 1037 582 &
1051 538 1283 584 temerariae
1296 535 1485 584 audaciae
1498 539 1665 584 crimen
1677 533 1776 584 sane
1787 533 1921 584 subit:
1938 535 1966 584 fi
1981 541 2227 603 cognitam,
2239 537 2429 604 expensis

483 612 706 656 rationum
718 608 976 660 momentis,
990 601 1207 653 inuidiosa
1220 608 1584 653 criminationum
1597 605 1888 672 appellatione
1901 607 2072 654 cumula
2079 622 2111 663 t,
2122 626 2186 654 nae
2201 606 2272 655 ille
2283 608 2305 655 a
2317 608 2432 655 calu-

447 687 452 696 ‘
486 680 610 725 mnia
624 687 663 726 &
675 674 873 739 mmvpss'qc
885 672 1221 741 haudquaquam
1234 671 1272 722 se
1285 679 1446 741 poterit
1458 675 1646 723 liberare.
1673 679 1847 741 aequitas
1873 679 1993 723 enim
2014 676 2203 741 postulat
2239 693 2287 725 vt
2298 673 2431 725 vnus-

487 743 663 814 quisque
677 765 726 794 ex
738 742 808 792 sua
819 757 967 790 mente
989 744 1278 810 intelligatur:
1292 755 1331 794 &
1346 744 1567 792 calumnia
1585 744 1644 792 est
1663 783 1674 801 ‚
1687 761 1918 810 peruertere
1932 750 2096 793 merem
2111 744 2432 814 consiliumque

488 817 687 864 dicentis:
704 809 898 862 aduersus
915 830 1047 878 quam
1064 813 1311 861 maleficam
1325 814 1594 862 calumniam
1613 852 1625 871 ,
1644 818 1837 863 veritatis
1852 811 2160 882 philosophicae
2181 815 2346 864 candor
2357 817 2433 865 dat

491 887 621 934 nobis
635 885 786 933 vtilem
802 886 1104 948 exceptionem
1118 882 1211 930 doli
1223 884 1343 931 mali.
1383 880 1600 949 Perspicue
1612 883 1804 932 ostendit
1817 886 1941 933 Plato
1963 883 2174 950 quidnam
2194 884 2246 933 de
2266 886 2433 953 allego-

493 959 652 1004 riarum
662 951 736 1001 vsu
748 949 918 1000 sentiat:
933 971 1065 1019 quam
1078 953 1268 1019 regulam
1283 950 1365 1018 ipse
1379 954 1538 1019 vbique
1552 953 1800 1002 constanter
1812 951 2069 1002 obseruauit:
2080 951 2324 1003 fabularum
2337 959 2433 1022 qui-

495 1025 595 1073 dem
610 1023 846 1072 inuolucris
856 1041 996 1070 rerum
1008 1026 1235 1069 veritatem
1249 1019 1540 1088 saepenumero
1557 1026 1788 1082 contineri,
1802 1043 1896 1073 non
1907 1038 2055 1071 tamen
2068 1024 2371 1073 inhaerendum
2381 1028 2430 1074 in

496 1092 590 1161 iplis
607 1089 911 1159 allegoriiS,sed
926 1095 970 1139 in
985 1092 1068 1139 illis
1082 1096 1310 1140 veritatem
1325 1088 1464 1140 sobrie
1474 1092 1985 1159 inuestigandam,neque
2000 1092 2319 1160 indulgendum
2330 1113 2433 1162 prue-

494 1166 593 1212 ritui
606 1162 924 1229 allegoriarum.
946 1160 991 1208 id
1010 1161 1084 1218 est,
1098 1181 1191 1209 non
1208 1165 1362 1209 omnia
1376 1164 1422 1209 in
1438 1161 1662 1228 allegorias
1676 1159 2025 1211 transformanda
2041 1169 2056 1225 (
2071 1182 2161 1229 quae
2175 1162 2272 1212 effet
2283 1164 2432 1231 putida

492 1244 532 1284 &
545 1230 681 1280 futilis
695 1232 825 1298 dilige
833 1235 923 1279 ntia
937 1236 951 1292 >
977 1228 1046 1278 sed
1059 1250 1118 1278 res
1130 1228 1235 1298 ipsas
1246 1250 1296 1279 ex
1309 1227 1380 1278 sua
1391 1246 1540 1279 natura
1553 1231 1780 1297 prudenter
1793 1243 1832 1282 &
1845 1233 2086 1281 commode
2110 1233 2431 1299 expendendas.

493 1300 639 1369 Ipsum
653 1301 759 1350 illud
774 1298 872 1350 vero
883 1301 1185 1366 allegoriarum
1210 1304 1402 1349 nimium
1425 1300 1615 1349 studium
1628 1338 1640 1357 ,
1653 1297 1689 1347 ὃ
1700 1301 1946 1366 τῆςχιμςήξρις
1958 1302 2009 1358 ²ch
2022 1302 2308 1366 ἱππικενῇἅρων
2328 1301 2433 1361 ciac,

491 1370 845 1437 Z'yczovysfyfiroevffl
868 1370 1037 1430 vta-,ahai
1057 1370 1109 1425 U.)
1123 1370 1242 1416 αἶ’λλων
1261 1370 1458 1436 ot’pwjff'vcov
1478 1370 1601 1427 ’πληἭ
1613 1392 1653 1417 τε
1674 1370 1727 1426 υ)
1742 1371 1882 1434 αἶππίᾳ,
1895 1372 2148 1432 πρριπλᾶγυν
2166 1379 2256 1419 ‘mdiv
2277 1370 2435 1430 oviator,

492 1439 639 1491 earum
649 1461 727 1508 que
742 1445 875 1489 nimis
893 1438 1107 1488 curiosam
1121 1437 1467 1506 disquisitionem
1481 1478 1493 1498 ‚
1509 1441 1676 1503 o’t'jgymov
1689 1451 1729 1490 ὅ(
1742 1441 1857 1489 male
1867 1439 2065 1489 feriatam
2077 1439 2335 1508 sapientiam
2348 1462 2438 1492 vo-

493 1510 735 1577 cat‚cui1'pfi
750 1531 842 1559 non
856 1526 978 1558 vacet
994 1509 1182 1557 studium
1198 1510 1461 1577 operamque
1475 1510 1737 1577 impendere.
1765 1510 1962 1559 Viderint
1974 1529 2074 1577 ergo
2090 1513 2436 1561 Platonomasti-

495 1601 566 1650 ges
581 1601 664 1648 qua
674 1580 821 1629 fronte
835 1580 1072 1629 Chimaeras
1084 1590 1123 1629 &
1138 1595 1284 1627 caetera
1296 1595 1496 1646 portenta
1510 1583 1722 1629 obiiciant
1733 1577 2049 1647 sapientissimo
2060 1585 2171 1639 viro,
2186 1586 2284 1649 (qui
2299 1586 2438 1631 omne

495 1660 594 1701 tatae
612 1649 784 1699 insania:
801 1647 1088 1715 suspicionem
1103 1648 1217 1715 apud
1229 1646 1394 1697 sobrios
1407 1649 1615 1698 homines
1635 1647 1784 1698 solidis
1796 1647 1894 1698 sane
1907 1652 2145 1717 rationibus
2162 1649 2235 1699 ase
2250 1651 2436 1714 deriuat)

497 1734 538 1773 &
549 1727 693 1789 potius
705 1722 757 1768 ab
774 1716 864 1786 ipso
879 1715 1043 1768 discant
1055 1716 1134 1766 suae
1148 1716 1318 1767 huiusce
1330 1719 1532 1768 methodi
1549 1725 1781 1769 rationem.
1805 1718 1972 1787 Equide
1985 1758 1997 1778 ,
2010 1737 2057 1768 vt
2068 1721 2254 1788 ingenue
2265 1722 2437 1789 loquar,

496 1793 722 1852 &awa-mi&
738 1801 776 1840 δι
792 1789 1033 1855 fimplicem
1049 1788 1238 1837 docendi
1250 1792 1468 1837 rationem
1481 1790 1602 1838 malo
1615 1828 1626 1848 ,
1640 1801 1679 1839 &
1692 1790 1770 1838 hac
1782 1794 1828 1838 in
1840 1810 1882 1838 re
1896 1791 2204 1839 Aristoteleam
2218 1791 2437 1840 methodii

497 1865 638 1928 magis
653 1860 1020 1926 amplectorzquin
1039 1856 1142 1906 vero
1156 1858 1330 1906 Platoni
1343 1863 1389 1906 in
1400 1859 1486 1908 hoc
1500 1859 1690 1908 docendi
1704 1879 1856 1926 genere
1870 1858 1949 1908 suae
1962 1861 2131 1909 conste‘t
2157 1864 2348 1909 rationes
2363 1880 2438 1909 ne-

497 1936 588 2000 gari
604 1931 727 1979 nullo
742 1928 883 1978 modo
895 1928 1058 1994 potest:
1075 1947 1178 1995 quas
1193 1932 1265 1996 qui
1281 1928 1494 1995 pcruidere
1507 1930 1710 1988 voluerit,
1727 1930 1839 1997 legat
1851 1931 1967 1979 librfi
1988 1927 2176 1997 septimi]
2189 1936 2258 1978 De
2273 1930 2437 1997 republ.

428 2033 441 2043 ι
496 2021 579 2052 nos
590 1999 809 2049 summam
822 1996 963 2047 tatum
976 1998 1170 2065 aliquam
1183 1997 1490 2049 indicabimus.
1513 2004 1606 2048 Fuit
1616 2000 1686 2048 hic
1698 2019 1796 2048 mos
1808 1997 1999 2066 priscort‘i
2019 1997 2438 2067 philosophantium,

495 2088 544 2122 vt
557 2070 756 2128 συμζόλοις
768 2060 1025 2137 quibusdam
1038 2085 1165 2136 atque
1184 2069 1422 2118 inuolucris
1435 2073 1663 2119 veritatem
1675 2069 2028 2138 repraesentarent.
2051 2076 2180 2119 Hunc
2192 2089 2363 2119 morem
2375 2067 2454 2118 se-'

501 2158 686 2210 quutum
697 2138 775 2188 esse
791 2140 1022 2188 Platonem
1036 2138 1224 2187 minime
1237 2138 1419 2187 dubium
1432 2140 1492 2188 est
1506 2177 1517 2197 ,
1542 2139 1648 2188 dum
1662 2146 1833 2206 accepta
1846 2142 1899 2188 ab
1913 2141 1995 2189 illis
2008 2140 2256 2189 doclrinam
2270 2145 2437 2190 traetat:

501 2229 549 2261 vt
564 2233 613 2260 ex
627 2208 860 2279 Symposio
872 2220 911 2260 &
927 2208 1105 2258 Phaedro
1118 2208 1310 2257 maxime
1325 2226 1508 2275 apparet.
1524 2214 1618 2258 Nec
1633 2208 1734 2258 vero
1749 2212 1811 2258 illi
1826 2209 1981 2259 docc‘di
1995 2209 2210 2259 methodo
2223 2207 2300 2258 suae
2314 2207 2438 2259 desiit

503 2286 708 2331 rationes.
723 2285 884 2329 etenim
897 2299 1036 2330 rerum
1049 2279 1197 2334 εἰκρισία
1207 2279 1267 2329 est
1280 2278 1638 2343 max11neefficax
1650 2279 1705 2330 ad
1719 2284 1893 2330 animos
1909 2280 2198 2348 percellendos
2211 2317 2223 2337 ‚
2234 2284 2307 2347 qui
2325 2284 2438 2328 ima-

501 2354 676 2420 ginibus
689 2351 771 2399 illis
785 2356 987 2401 mouetur
999 2351 1206 2400 maxime‘.
1220 2351 1363 2421 ⁸quum
1375 2356 1495 2401 enim
1507 2372 1648 2402 rerum
1673 2357 1826 2401 veritas
1840 2356 1883 2399 in
1896 2369 2054 2418 magna
2073 2347 2329 2400 obscuritate
2342 2369 2442 2399 ver-

502 2422 626 2478 setur,
638 2421 693 2470 ad
706 2440 801 2470 eam
815 2421 880 2471 his
900 2421 1016 2490 quali
1037 2418 1238 2489 gradibus
1265 2427 1395 2471 tutius
1408 2435 1448 2472 &
1473 2422 1825 2490 compendiosius
1842 2426 2033 2470 venitur:
2060 2419 2141 2488 ipsa
2155 2435 2299 2483 autern
2312 2423 2358 2468 in
2370 2420 2438 2469 his

500 2495 666 2542 vmbris
682 2490 948 2549 delitescens,
961 2496 1137 2540 animos
1147 2490 1245 2540 ferit
1257 2497 1478 2558 potentius
1495 2513 1597 2542 :nec
1609 2497 1693 2541 etia‘
1708 2492 1852 2540 studio
1873 2488 2234 2558 indagationique
2247 2490 2311 2538 illi
2324 2489 2439 2539 deest

499 2564 703 2630 voluptas
716 2600 728 2617 ,
741 2562 826 2610 dux
840 2573 879 2612 &
892 2563 1167 2610 conciliatrix
1180 2562 1545 2629 inuestigationiS.
1580 2563 1654 2611 Ad
1668 2566 1935 2610 memoriam
1948 2580 2121 2628 quoque
2133 2559 2345 2608 conducit
2361 2560 2437 2608 illa

499 2653 640 2682 rerum
657 2636 836 2699 propriis
850 2636 968 2680 notis
983 2630 1247 2699 designatio:
1265 2651 1356 2698 quae
1369 2636 1580 2691 nouitate,
1594 2632 1903 2687 admiratione,
1915 2629 2244 2697 pulchritudinis
2257 2634 2439 2695 opinio-

500 2723 554 2752 ne
566 2707 740 2751 animos
752 2706 942 2749 excitans
957 2739 969 2757 ‚
980 2721 1040 2749 res
1053 2699 1160 2768 ipsas
1174 2702 1339 2749 firmius
1352 2712 1391 2751 &
1405 2703 1676 2751 constantius
1690 2706 1911 2749 memoriae
1924 2700 2082 2766 infigit.
2115 2705 2214 2747 Hoc
2234 2696 2334 2747 vero
2346 2701 2439 2747 vbi-

497 2793 581 2841 que
594 2769 792 2820 obseruat
808 2772 998 2826 Plato‚vt
1012 2771 1150 2839 liquid
1163 2770 1395 2823 εἰιωνοπωηπὲν
1407 2771 1566 2829 afferat,
1581 2767 1772 2838 primum
1786 2771 1957 2819 testetur
1970 2768 2007 2817 se
2019 2769 2315 2818 adhibiturum
2329 2773 2439 2817 ima-

499 2848 647 2911 ginem
662 2841 742 2889 fiue
754 2839 1014 2898 fabulam,vt
1027 2860 1127 2889 cum
1141 2842 1259 2888 bona
1271 2841 1444 2890 lectoris
1454 2846 1580 2890 venia
1594 2842 1679 2890 hoc
1690 2845 1728 2889 ei
1742 2839 2086 2906 liceatzdenique,
2100 2838 2307 2904 adiungat
2319 2844 2439 2887 Ima-

501 2917 616 2980 ginis
631 2911 986 2978 explicationem,
997 2927 1044 2959 vt
1060 2911 1172 2959 illius
1184 2907 1277 2958 vsus
1287 2911 1563 2978 intelligatur.
1602 2917 1695 2959 Iam
1713 2910 1816 2958 vero
1830 2910 1967 2958 multa
1978 2928 2152 2977 quoque
2163 2907 2275 2974 apud
2289 2908 2439 2956 Plato-

501 3001 606 3031 nem
625 2996 776 3029 extant
795 2999 888 3046 quae
909 2981 1131 3048 allegorici
1153 2999 1322 3028 nomen
1335 2980 1398 3027 illi
1409 2980 1939 3048 pepererunt,abhorre‘tia
1956 2978 2438 3027 videlicetacommuni

500 3048 820 3119 philosophort‘t
830 3054 1046 3117 opinione
1063 3073 1073 3099 :
1088 3050 1210 3099 ficuti
1220 3046 1318 3097 sunt
1329 3069 1375 3098 ea
1391 3069 1482 3116 quae
1497 3050 1627 3099 docet
1640 3056 1708 3097 De
1722 3054 1936 3099 creatione
1952 3047 2197 3104 mundi,De
2208 3047 2403 3095 hominis
2417 3046 2439 3094 ὲ

501 3138 607 3170 terra
617 3118 904 3176 formatione,
922 3125 992 3167 De
1004 3123 1206 3186 primaria
1221 3138 1362 3167 rerum
1374 3123 1541 3168 omniu
1554 3120 1651 3168 Idea
1663 3125 1701 3168 .i.
1718 3116 1854 3175 causa,
1868 3138 1958 3185 quae
1972 3117 2022 3166 fit
2033 3115 2250 3166 causarum
2264 3136 2439 3184 quoque

500 3190 764 3240 naturalium
792 3186 939 3255 opifex
953 3199 994 3238 &
1007 3187 1294 3237 conseruatrix
1307 3226 1319 3246 ,
1330 3199 1370 3239 &
1380 3191 1501 3237 rebus
1520 3189 1694 3256 lingulis
1712 3188 1943 3237 efficaciter
1954 3187 2150 3253 inuigilet
2164 3209 2173 3234 ε
2188 3192 2255 3234 De
2266 3190 2437 3253 puriore

497 3259 693 3328 quodam
705 3258 900 3306 hominis
914 3259 1040 3316 statu,
1056 3264 1125 3306 De
1139 3259 1252 3306 illius
1264 3262 1531 3326 primigeniae
1545 3263 1737 3325 puritatis
1748 3262 2024 3324 corruptione
2037 3295 2049 3315 ‚
2073 3262 2141 3304 De
2154 3259 2317 3322 peccati
2328 3253 2441 3305 inse-

499 3334 746 3378 minatione
760 3326 952 3395 quadam
970 3347 1041 3393 per
1053 3344 1247 3395 parentes
1262 3333 1307 3376 in
1322 3329 1504 3377 liberos:
1529 3334 1598 3377 De
1622 3329 1784 3377 vltimo
1799 3328 1966 3375 iudicio
1981 3364 1991 3383 ,
2015 3331 2061 3374 in
2075 3346 2163 3393 quo
2174 3328 2280 3374 bene
2292 3327 2438 3381 bonis,

499 3400 612 3448 male
626 3399 751 3446 malis
767 3397 817 3445 lit
832 3419 843 3444 ι
857 3403 925 3445 De
938 3398 1068 3445 altera
1079 3401 1168 3446 vita
1182 3395 1352 3464 eiusque
1364 3396 1571 3446 felicitate
1586 3420 1596 3446 ε
1621 3404 1689 3446 De
1702 3397 1910 3463 religione
1923 3434 1935 3453 ,
1954 3396 2005 3444 de
2018 3415 2101 3463 qua
2113 3400 2172 3443 ita
2192 3391 2378 3460 disputat
2389 3411 2435 3444 vt

497 3470 768 3517 ethnicarum
782 3464 1134 3533 superstitionum
1148 3466 1438 3515 fundamenta
1450 3467 1579 3533 plane
1591 3467 1822 3515 conuellat:
1842 3466 2027 3533 denique
2038 3466 2236 3532 pleraque
2249 3465 2332 3512 alia
2343 3483 2434 3531 quae

496 3543 608 3587 inter
623 3537 854 3603 legendum
869 3536 1155 3585 commodius
1174 3542 1379 3585 occurre‘t.
1407 3545 1517 3603 Qae
1527 3535 1626 3585 sane
1639 3541 1794 3584 omnia
1806 3555 1901 3584 non
1914 3556 1965 3584 ex
1979 3533 2017 3583 se
2029 3535 2096 3583 vel
2108 3553 2156 3582 ex
2168 3535 2360 3583 humana
2373 3553 2436 3582 ra-

494 3612 616 3656 tione
628 3607 738 3655 dixit
751 3607 893 3664 Plato,
903 3603 974 3654 sed
985 3625 1035 3654 ex
1046 3604 1233 3654 feliciori
1247 3606 1438 3673 quadam
1450 3606 1667 3656 doctrina.
1691 3606 1806 3654 vnde
1819 3622 1972 3654 natum
1984 3605 2044 3652 est
2056 3603 2164 3652 illud
2177 3603 2433 3669 peruulgatt‘t

493 3676 745 3735 di&u,Plat0
754 3677 1079 3744 docet‚Aristoteles
1086 3675 1358 3746 probat.quod
1370 3675 1500 3745 quide
1511 3681 1558 3726 in
1570 3680 1712 3744 paucis
1725 3672 1932 3745 quibusda
1944 3676 2047 3723 versi
2061 3671 2185 3722 est:in
2196 3672 2288 3720 aliis
2303 3677 2437 3721 etiarn

2150 3755 2353 3821 ‘b’wvso’ssn'rm
2376 3755 2439 3802 λς’·
